@inproceedings{Tesson:2010,
 author = {Tesson, Julien and Hashimoto, Hideki and Hu, Zhenjiang and Loulergue, Fr{\'e}d{\'e}ric and Takeichi, Masato},
 title = {{Program Calculation in Coq}},
 booktitle = {Proceedings of the 13th International Conference on Algebraic Methodology and Software Technology},
 series = {AMAST'10},
 year = {2011},
 pages = {163--179},
 publisher = {Springer-Verlag},
 address = {Berlin, Heidelberg},
} 

@inproceedings{Bird:1987,
 author = {Bird, Richard},
 title = {An introduction to the theory of lists},
 booktitle = {Logic of Programming and Calculi of Discrete Design},
 editor = {Bory, M},
 year = {1987},
 pages = {5--42},
 publisher = {Springer},
 address = {Heidelberg},
}

@book{Bird:1997,
 author = {Bird, Richard and de Moor, Oege},
 title = {Algebra of Programming},
 year = {1997},
 isbn = {0-13-507245-X},
 publisher = {Prentice-Hall, Inc.},
 address = {Upper Saddle River, NJ, USA},
}

@ARTICLE{Uustalu:99,
    author = {Tarmo Uustalu and Varmo Vene},
    title = {Primitive (Co)Recursion and Course-of-Value (Co)Iteration, Categorically},
    journal = {Informatica},
    year = {1999},
    volume = {10},
    pages = {5--26}
}

@inproceedings{Bird:1988,
  title = "Lectures on Constructive Functional Programming",
  author = "Richard Bird",
  year = "1988",
  booktitle = "Constructive Methods in Computer Science",
  editor = "Manfred Broy",
  note = "NATO ASI Series~F Volume~55. Also available as Technical Monograph PRG-69, from the Programming Research Group, Oxford University",
  pages = "151--218",
  publisher = "Springer-Verlag",
}